<record><leader>00000cas a22000007a 4500</leader><controlfield tag="001">9591664</controlfield><controlfield tag="008">830609d19691969nyuwr ne      0    0eng d</controlfield><controlfield tag="009">3781</controlfield><datafield ind1=" " ind2=" " tag="010"><subfield code="a">sn 83030508 </subfield></datafield><datafield ind1=" " ind2=" " tag="040"><subfield code="a">NPU</subfield><subfield code="b">eng</subfield><subfield code="c">NPU</subfield><subfield code="d">YOX</subfield><subfield code="d">NYS</subfield><subfield code="d">OCLCQ</subfield></datafield><datafield ind1="1" ind2=" " tag="029"><subfield code="a">AU@</subfield><subfield code="b">000025825262</subfield></datafield><datafield ind1=" " ind2=" " tag="042"><subfield code="a">msc</subfield></datafield><datafield ind1="0" ind2="0" tag="245"><subfield code="a">New York column and the New York knickerbocker.</subfield></datafield><datafield ind1="1" ind2="7" tag="246"><subfield code="a">New York column-knickerbocker</subfield></datafield><datafield ind1=" " ind2=" " tag="260"><subfield code="a">New York :</subfield><subfield code="b">Jerry Finkelstein,</subfield><subfield code="c">1969-1969.</subfield></datafield><datafield ind1=" " ind2=" " tag="300"><subfield code="a">2 v. :</subfield><subfield code="b">ill. ;</subfield><subfield code="c">39 cm.</subfield></datafield><datafield ind1=" " ind2=" " tag="310"><subfield code="a">Weekly</subfield></datafield><datafield ind1=" " ind2=" " tag="321"><subfield code="a">Daily</subfield></datafield><datafield ind1="0" ind2=" " tag="362"><subfield code="a">Vol. 2, no. 162 (Oct. 12, 1969)-Vol. 2, no. 384 (Nov. 14, 1969).</subfield></datafield><datafield ind1=" " ind2=" " tag="500"><subfield code="a">"The New York daily column-knickerbocker, begining today, will become a weekly newspaper to be published on Fridays ..."</subfield></datafield><datafield ind1=" " ind2=" " tag="530"><subfield code="a">Available on microfilm from the New York Public Library.</subfield></datafield><datafield ind1=" " ind2=" " tag="500"><subfield code="a">Editor: 1969, Clarence E. Houseman.</subfield></datafield><datafield ind1=" " ind2="4" tag="651"><subfield code="a">New York (N.Y.)</subfield><subfield code="v">Newspapers.</subfield></datafield><datafield ind1=" " ind2=" " tag="752"><subfield code="a">United States</subfield><subfield code="b">New York</subfield><subfield code="c">New York</subfield><subfield code="d">New York.</subfield></datafield><datafield ind1="0" ind2="0" tag="780"><subfield code="t">New York daily column and the New York knickerbocker</subfield><subfield code="w">(DLC)sn 83030340</subfield></datafield><datafield ind1="0" ind2="0" tag="785"><subfield code="t">New York column</subfield><subfield code="w">(DLC)sn 83030341</subfield></datafield></record>